<record><leader>00000cas a22000007a 4500</leader><controlfield tag="001">10466778</controlfield><controlfield tag="008">840228d18681891pauwr ne      0    0eng d</controlfield><datafield ind1=" " ind2=" " tag="010"><subfield code="a">sn 84026396 </subfield></datafield><datafield ind1=" " ind2=" " tag="040"><subfield code="a">NPU</subfield><subfield code="b">eng</subfield><subfield code="c">NPU</subfield><subfield code="d">NPX</subfield><subfield code="d">NPH</subfield><subfield code="d">OCLCQ</subfield></datafield><datafield ind1=" " ind2=" " tag="042"><subfield code="a">msc</subfield></datafield><datafield ind1="0" ind2=" " tag="130"><subfield code="a">Slatington news (Slatington, Pa. : 1868)</subfield></datafield><datafield ind1="1" ind2="4" tag="245"><subfield code="a">The Slatington news.</subfield></datafield><datafield ind1=" " ind2=" " tag="260"><subfield code="a">Slatington, Pa. :</subfield><subfield code="b">Godshalk &amp; Bright,</subfield><subfield code="c">1868-1891.</subfield></datafield><datafield ind1=" " ind2=" " tag="300"><subfield code="a">v. ;</subfield><subfield code="c">61 cm.</subfield></datafield><datafield ind1=" " ind2=" " tag="310"><subfield code="a">Weekly</subfield></datafield><datafield ind1="0" ind2=" " tag="362"><subfield code="a">Vol. 1, no. 1 (Sept. 2, 1868)-v. 24, no. 6 (Nov. 4, 1891).</subfield></datafield><datafield ind1=" " ind2=" " tag="500"><subfield code="a">Publishers: L.E. Schlauch &amp; G.B. Fickhardt, &lt;1873&gt;; L.E. Schlauch &amp; Benjamin Patterson, &lt;1876&gt;.</subfield></datafield><datafield ind1=" " ind2=" " tag="500"><subfield code="a">Editors: L.E. Schlauch, &lt;1876&gt;; Benjamin Patterson, &lt;1876&gt;.</subfield></datafield><datafield ind1=" " ind2=" " tag="752"><subfield code="a">United States</subfield><subfield code="b">Pennsylvania</subfield><subfield code="c">Lehigh</subfield><subfield code="d">Slatington.</subfield></datafield><datafield ind1="0" ind2="0" tag="785"><subfield code="t">News (Slatington, Pa.)</subfield><subfield code="w">(DLC)sn 89077871</subfield></datafield><datafield ind1="1" ind2=" " tag="029"><subfield code="a">AU@</subfield><subfield code="b">000025783705</subfield></datafield></record>